@inproceedings{wheeler1952use,
  title={The use of sub-routines in programmes},
  author={Wheeler, David J},
  booktitle={Proceedings of the 1952 ACM national meeting (Pittsburgh)},
  pages={235--236},
  year={1952}
}

@book{kress2020graphql,
  title={GraphQL: Eine Einf{\"u}hrung in APIs mit GraphQL},
  author={Kress, Dominik},
  year={2020},
  publisher={dpunkt. verlag}
}

@inproceedings{cotton1968data,
  title={Data structures and techniques for remote computer graphics},
  author={Cotton, Ira W and Greatorex Jr, Frank S},
  booktitle={Proceedings of the December 9-11, 1968, fall joint computer conference, part I},
  pages={533--544},
  year={1968}
}

@misc{berlind2017apis,
  title={APIs Are Like User Interfaces--Just With Different Users In Mind},
  author={Berlind, David},
  year={2017}
}

@online{graphqlOnline,
  author  = {Facebook},
  title   = {Graphql},
  date    = {2021-11-15},
  url={http://spec.graphql.org/June2018/},
  urldate = {2021-11-15}
}

@online{dgraphOnline,
  author  = {Abu Sakib},
  title   = {Graphql vs Rest},
  date    = {2021-11-15},
  url={https://dgraph.io/blog/post/graphql-rest/},
  urldate = {2021-11-15}
}

@online{rakutenGraphQLVsRest,
  author  = {Rakuten},
  title   = {Graphql vs Rest},
  date    = {2021-11-15},
  url={https://blog.api.rakuten.net/graphql-vs-rest/},
  urldate = {2021-11-15}
}